<record><leader>00000cas a22000007a 4500</leader><controlfield tag="001">12338731</controlfield><controlfield tag="008">850802d18661873mouwr ne      0    0eng d</controlfield><datafield ind1=" " ind2=" " tag="010"><subfield code="a">sn 85033943 </subfield></datafield><datafield ind1=" " ind2=" " tag="040"><subfield code="a">NPU</subfield><subfield code="b">eng</subfield><subfield code="c">NPU</subfield><subfield code="d">MQN</subfield><subfield code="d">OCLCQ</subfield></datafield><datafield ind1=" " ind2=" " tag="042"><subfield code="a">msc</subfield></datafield><datafield ind1="0" ind2=" " tag="130"><subfield code="a">Southeast Missouri enterprise (Ironton, Mo. : 1866)</subfield></datafield><datafield ind1="1" ind2="0" tag="245"><subfield code="a">Southeast Missouri enterprise.</subfield></datafield><datafield ind1=" " ind2=" " tag="260"><subfield code="a">Ironton, Mo. :</subfield><subfield code="b">G.A. &amp; J.L. Moser</subfield></datafield><datafield ind1=" " ind2=" " tag="300"><subfield code="a">v. ;</subfield><subfield code="c">66 cm.</subfield></datafield><datafield ind1=" " ind2=" " tag="310"><subfield code="a">Weekly</subfield></datafield><datafield ind1="1" ind2=" " tag="362"><subfield code="a">Began in May 1866? Ceased in 1873?</subfield></datafield><datafield ind1=" " ind2=" " tag="588"><subfield code="a">Description based on: Vol. 3, no. 2 (May 11, 1868).</subfield></datafield><datafield ind1=" " ind2=" " tag="752"><subfield code="a">United States</subfield><subfield code="b">Missouri</subfield><subfield code="c">Iron</subfield><subfield code="d">Ironton.</subfield></datafield><datafield ind1="0" ind2="0" tag="780"><subfield code="t">Ironton forge</subfield><subfield code="w">(DLC)sn 86054058</subfield></datafield></record>